@book{lbm_springer,
author = {A. A. Mohamad},
title = {Lattice Boltzmann Method},
publisher = Springer,
year = 2011
}

@misc{cfd_present,
author = {Joel Ducoste},
title = {An Overview of Computational Fluid Dynamics},
howpublished = {Ghent University},
year = 2008
}

@CONFERENCE{aircraft_cfd,
author={Czyba, R. and Hecel, M. and Jablonski, K. and Lemanowicz, M. and Platek, K.},
title={Application of computer aided tools and methods for unmanned cargo aircraft design},
journal={2015 20th International Conference on Methods and Models in Automation and Robotics, MMAR 2015},
year={2015},
pages={1068-1073},
source={Scopus}
}

@ARTICLE{partic_erosion_cfd,
author={Pandya, D.A. and Dennis, B.H. and Russell, R.D.},
title={A computational fluid dynamics based artificial neural network model to predict solid particle erosion},
journal={Wear},
year={2017},
volume={378-379},
pages={198-210},
source={Scopus}
}

@ARTICLE{wind_flow_cfd,
author={Blocken, B. and van der Hout, A. and Dekker, J. and Weiler, O.},
title={CFD simulation of wind flow over natural complex terrain: Case study with validation by field measurements for Ria de Ferrol, Galicia, Spain},
journal={Journal of Wind Engineering and Industrial Aerodynamics},
year={2015},
volume={147},
pages={43-57},
source={Scopus}
}

@ARTICLE{combust_cfd,
author={Penkner, A. and Jeschke, P.},
title={Analytic Rayleigh pressure loss model for high-swirl combustion in a rotating combustion chamber},
journal={CEAS Aeronautical Journal},
year={2015},
volume={6},
number={4},
pages={613-625},
source={Scopus}
}

@masterthesis{koleszar_thesis,
author = {Ádám Koleszár},
title = {Optimisation of 2D lattice Boltzmann method using CUDA},
school = {Cranfield University},
year = 2015
}

@masterthesis{maciej_thesis,
author = {Maciej Kubat},
title = {Development of physics or HPC optimisation of a parallel 2D lattice Boltzmann solver using GPUS CUDA},
school = {Cranfield University},
year = 2016
}

@masterthesis{jozsa_thesis,
author = {Tamás I. Józsa},
title = {Parallelization of lattice Boltzmann method using CUDA platform},
school = {Cranfield University},
year = 2014
}

@masterthesis{szoke_thesis,
author = {Máté Tibor Szőke},
title = {Efficient Implementation of a 2D Lattice Boltzmann Solver Using Modern Parallelisation Techniques},
school = {Cranfield University},
year = 2014
}

@book{cuda_by_example,
author = {J. Sanders, E. Kandrot},
title = {CUDA by Example: An Introduction to Generalpurpose
GPU Programming},
publisher = {Addison-Wesley Professional},
year = 2010
}

@ARTICLE{weather_pred,
author={Reichrath, S. and Davies, T.W.},
title={Using CFD to model the internal climate of greenhouses: Past, present and future},
journal={Agronomie},
year={2002},
volume={22},
number={1},
pages={3-19}
}

@CONFERENCE{america_cup,
author={Rosen, B.S. and Laiosa, J.P. and Davis Jr, W.H.},
title={CFD design studies for America's Cup 2000},
journal={18th Applied Aerodynamics Conference},
year={2000}
}

@ARTICLE{race_car_wing,
author={Desai, S. and Leylek, E. and Lo, C.-M.B. and Doddegowda, P. and Bychkovsky, A. and George, A.R.},
title={Experimental and CFD comparative case studies of aerodynamics of race car wings, underbodies with wheels, and motorcycle flows},
journal={SAE Technical Papers},
year={2008}
}

@misc{moore,
  title = {Moore's Law},
  howpublished = {http://www.mooreslaw.org},
  note = {Accessed: 28-04-2017}
}

@misc{amdahl,
  title = {Amdahl's Law},
  howpublished = {https://www.techopedia.com/definition/17035/amdahls-law},
  note = {Accessed: 16-05-2017}
}

@misc{irenehpc,
  title = {“High Performance Computing” lecture slides, 2016},
  note = {Cranfield University},
  author = {Irene Moulitsas}
}

