@book{lbm_springer,
author = {A. A. Mohamad},
title = {Lattice Boltzmann Method},
publisher = Springer,
year = 2011
}

@misc{cfd_present,
author = {Joel Ducoste},
title = {An Overview of Computational Fluid Dynamics},
howpublished = {Ghent University},
year = 2008
}

@CONFERENCE{aircraft_cfd,
author={Czyba, R. and Hecel, M. and Jablonski, K. and Lemanowicz, M. and Platek, K.},
title={Application of computer aided tools and methods for unmanned cargo aircraft design},
journal={2015 20th International Conference on Methods and Models in Automation and Robotics, MMAR 2015},
year={2015},
pages={1068-1073},
source={Scopus}
}

@ARTICLE{partic_erosion_cfd,
author={Pandya, D.A. and Dennis, B.H. and Russell, R.D.},
title={A computational fluid dynamics based artificial neural network model to predict solid particle erosion},
journal={Wear},
year={2017},
volume={378-379},
pages={198-210},
source={Scopus}
}

@ARTICLE{wind_flow_cfd,
author={Blocken, B. and van der Hout, A. and Dekker, J. and Weiler, O.},
title={CFD simulation of wind flow over natural complex terrain: Case study with validation by field measurements for Ria de Ferrol, Galicia, Spain},
journal={Journal of Wind Engineering and Industrial Aerodynamics},
year={2015},
volume={147},
pages={43-57},
source={Scopus}
}

@ARTICLE{combust_cfd,
author={Penkner, A. and Jeschke, P.},
title={Analytic Rayleigh pressure loss model for high-swirl combustion in a rotating combustion chamber},
journal={CEAS Aeronautical Journal},
year={2015},
volume={6},
number={4},
pages={613-625},
source={Scopus}
}

@masterthesis{koleszar_thesis,
author = {Ádám Koleszár},
title = {Optimisation of 2D lattice Boltzmann method using CUDA},
school = {Cranfield University},
year = 2015
}

@masterthesis{maciej_thesis,
author = {Maciej Kubat},
title = {Development of physics or HPC optimisation of a parallel 2D lattice Boltzmann solver using GPUS CUDA},
school = {Cranfield University},
year = 2016
}

@masterthesis{jozsa_thesis,
author = {Tamás I. Józsa},
title = {Parallelization of lattice Boltzmann method using CUDA platform},
school = {Cranfield University},
year = 2014
}

@masterthesis{szoke_thesis,
author = {Máté Tibor Szőke},
title = {Efficient Implementation of a 2D Lattice Boltzmann Solver Using Modern Parallelisation Techniques},
school = {Cranfield University},
year = 2014
}

@book{cuda_by_example,
author = {J. Sanders, E. Kandrot},
title = {CUDA by Example: An Introduction to Generalpurpose
GPU Programming},
publisher = {Addison-Wesley Professional},
year = 2010
}
@book{multiphase,
  author    = {Christopher E. Brennen}, 
  title     = {Fundamentals of
Multiphase Flows},
  publisher = {Cambridge University Press},
  year      = 2005
}

@ARTICLE{weather_pred,
author={Reichrath, S. and Davies, T.W.},
title={Using CFD to model the internal climate of greenhouses: Past, present and future},
journal={Agronomie},
year={2002},
volume={22},
number={1},
pages={3-19}
}

@CONFERENCE{america_cup,
author={Rosen, B.S. and Laiosa, J.P. and Davis Jr, W.H.},
title={CFD design studies for America's Cup 2000},
journal={18th Applied Aerodynamics Conference},
year={2000}
}

@ARTICLE{race_car_wing,
author={Desai, S. and Leylek, E. and Lo, C.-M.B. and Doddegowda, P. and Bychkovsky, A. and George, A.R.},
title={Experimental and CFD comparative case studies of aerodynamics of race car wings, underbodies with wheels, and motorcycle flows},
journal={SAE Technical Papers},
year={2008}
}

@misc{moore,
  title = {Moore's Law},
  howpublished = {http://www.mooreslaw.org},
  note = {Accessed: 28-04-2017}
}

@misc{amdahl,
  title = {Amdahl's Law},
  howpublished = {https://www.techopedia.com/definition/17035/amdahls-law},
  note = {Accessed: 16-05-2017}
}

@misc{irenehpc,
  title = {“High Performance Computing” lecture slides, 2016},
  note = {Cranfield University},
  author = {Irene Moulitsas}
}

@article{gasautomata,
  title = {Lattice-Gas Automata for the Navier-Stokes Equation},
  author = {Frisch, U. and Hasslacher, B. and Pomeau, Y.},
  journal = {Phys. Rev. Lett.},
  volume = {56},
  issue = {14},
  pages = {1505--1508},
  year = {1986},
  month = {Apr},
  publisher = {American Physical Society}
}

@article{chenDoolenMP,
  title={Lattice Boltzmann method for fluid flows},
  author={Chen, Shiyi and Doolen, Gary D},
  journal={Annual review of fluid mechanics},
  volume={30},
  number={1},
  pages={329--364},
  year={1998},
  publisher={Annual Reviews 4139 El Camino Way, PO Box 10139, Palo Alto, CA 94303-0139, USA}
}

@article{gunstensen,
  title={Lattice Boltzmann model of immiscible fluids},
  author={Gunstensen, Andrew K and Rothman, Daniel H and Zaleski, St{\'e}phane and Zanetti, Gianluigi},
  journal={Physical Review A},
  volume={43},
  number={8},
  pages={4320},
  year={1991},
  publisher={APS}
}

@ARTICLE{gasBubble,
author={Sankaranarayanan, K. and Shan, X. and Kevrekidis, I.G. and Sundaresan, S.},
title={Analysis of drag and virtual mass forces in bubbly suspensions using an implicit formulation of the lattice Boltzmann method},
journal={Journal of Fluid Mechanics},
year={2002},
volume={452},
pages={61-96},
}

@ARTICLE{pourous,
author={Martys, N.S. and Chen, H.},
title={Simulation of multicomponent fluids in complex three-dimensional geometries by the lattice Boltzmann method},
journal={Physical Review E - Statistical Physics, Plasmas, Fluids, and Related Interdisciplinary Topics},
year={1996},
volume={53},
number={1 SUPPL. B},
pages={743-750},
}

@misc{paraview,
	title = {Paraview Software},
	howpublished = {https://www.paraview.org/},
	note = {Accessed: 09-08-2017}
}

@masterthesis{antonioThesis,
	author = {Antonio Figueroa González	},
	title = {Multiphase Capability Development for a Lattice Boltzmann Solver},
	school = {Cranfield University},
	year = 2017
}

@Article{rk,
	author="Rothman, Daniel H.
	and Keller, Jeffrey M.",
	title="Immiscible cellular-automaton fluids",
	journal="Journal of Statistical Physics",
	year="1988",
	month="Aug",
	day="01",
	volume="52",
	number="3"
}

@article{dortana,
	author={U. D'Ortona and D. Salin and M. Cieplak and J. R. Banavar},
	title={Interfacial Phenomena in Boltzmann Cellular Automata},
	journal={EPL (Europhysics Letters)},
	volume={28},
	number={5},
	pages={317},
	year={1994}
}

@article{reisPhil,
	author={T Reis and T N Phillips},
	title={Lattice Boltzmann model for simulating immiscible two-phase flows},
	journal={Journal of Physics A: Mathematical and Theoretical},
	volume={40},
	number={14},
	pages={4033},
	year={2007}
}

@article{leclaire1,
	title = {Generalized three-dimensional lattice Boltzmann color-gradient method for immiscible two-phase pore-scale imbibition and drainage in porous media},
	author = {Leclaire, S\'ebastien and Parmigiani, Andrea and Malaspinas, Orestis and Chopard, Bastien and Latt, Jonas},
	journal = {Phys. Rev. E},
	volume = {95},
	issue = {3},
	pages = {033306},
	numpages = {31},
	year = {2017},
	month = {Mar},
	publisher = {American Physical Society}
}

@article{leclaire2,
	title = "A multiphase lattice Boltzmann method for simulating immiscible liquid-liquid interface dynamics",
	journal = "Applied Mathematical Modelling",
	volume = "40",
	number = "13",
	pages = "6376 - 6394",
	year = "2016",
	author = "Sébastien Leclaire and Nicolas Pellerin and Marcelo Reggio and Jean-Yves Trépanier"
}

@article{leclaire3,
	title = "Numerical evaluation of two recoloring operators for an immiscible two-phase flow lattice Boltzmann model",
	journal = "Applied Mathematical Modelling",
	volume = "36",
	number = "5",
	pages = "2237 - 2252",
	year = "2012",
	author = "Sébastien Leclaire and Marcelo Reggio and Jean-Yves Trépanier"
}

@article{bgkw,
	title = {A Model for Collision Processes in Gases. I. Small Amplitude Processes in Charged and Neutral One-Component Systems},
	author = {Bhatnagar, P. L. and Gross, E. P. and Krook, M.},
	journal = {Phys. Rev.},
	volume = {94},
	issue = {3},
	pages = {511--525},
	year = {1954},
	month = {May},
	publisher = {American Physical Society}
}

@article{trt,
	title = "Equilibrium-type and link-type lattice Boltzmann models for generic advection and anisotropic-dispersion equation",
	journal = "Advances in Water Resources",
	volume = "28",
	number = "11",
	pages = "1171 - 1195",
	year = "2005",
	author = "Irina Ginzburg"
}

@article{mrt,
	title = "Multi-relaxation-time lattice Boltzmann model for axisymmetric flows",
	journal = "Computers \& Fluids",
	volume = "39",
	number = "9",
	pages = "1542 - 1548",
	year = "2010",
	author = "Liang Wang and Zhaoli Guo and Chuguang Zheng"
}

@article{zouhe,
	author = {Qisu Zou and Xiaoyi He},
	title = {On pressure and velocity boundary conditions for the lattice Boltzmann BGK model},
	journal = {Physics of Fluids},
	volume = {9},
	number = {6},
	pages = {1591-1598},
	year = {1997}
}

@masterthesis{abbru,
	author = {Gennaro Abbruzzese},
	title = {Development of a 2D lattice Boltzmann code},
	school = {Cranfield University},
	year = 2013
}

@misc{webinar1,
	title = {“CUDA Warps and Occupancy” GPU Computing Webinar, 2011},
	note = {NVIDIA},
	author = {Dr. Justin Luitjens and Dr. Steven Rennich}
}

@misc{webinar2,
	title = {“Advanced CUDA Webinar” Memory Optimizations},
	note = {NVIDIA},
	author = {NVIDIA}
}

@misc{salvatore,
	title = {“GPGPU Programming Fundamentals” lecture slides, 2017},
	note = {Cranfield University},
	author = {Salvatore Filippone}
}
